@online{qapla2023,
  title        = {Automatización de Envíos en eCommerce: Clave para una Gestión Eficiente},
  author       = {{Qapla}},
  year         = {2023},
  url          = {https://www.qapla.es/blog/envios/automatizacion-de-envios},
  note         = {[En línea]. Accedido: 12-mayo-2024}
}

@online{eleconomista2024,
  title        = {Servicios de paquetería y mensajería esquivaron la crisis Covid-19 en 2020 con un crecimiento de 21\%},
  author       = {{El Economista}},
  year         = {2024},
  url          = {https://www.eleconomista.com.mx/empresas/Servicios-de-paqueteria-y-mensajeria-esquivaron-la-crisis-Covid-19-en-2020-con-un-crecimiento-de-21-20211206-0060.html},
  note         = {[En línea]. Accedido: 12-marzo-2024}
}
